@misc{EA,
 author = {Patrick Flick},
 title = {Evolution\"are {A}lgorithmen},
 howpublished = {\url{http://parco.iti.kit.edu/henningm/Seminar-AT/seminar-arbeiten/Flick_final.pdf}, accessed 03.02.2019},
 year = 2012
}

@misc{MCMC,
 author = {Alexandros Stamatakis},
 title = {Introduction to Bioinformatics for Computer Scientists, Lecture 12},
 howpublished = {\url{https://cme.h-its.org/exelixis/web/teaching/lectures18_19/lecture12.pdf}, accessed 10.02.2019},
 year = 2018
}

